[gd_scene load_steps=6 format=2]

[ext_resource path="res://UI/TextBoxBorder.png" type="Texture" id=1]
[ext_resource path="res://UI/TextBoxBG.png" type="Texture" id=2]
[ext_resource path="res://Game/TextBlock.gd" type="Script" id=3]

[sub_resource type="DynamicFontData" id=1]
font_path = "res://UI/fonts/exepixelperfect/EXEPixelPerfect.ttf"

[sub_resource type="DynamicFont" id=2]
font_data = SubResource( 1 )

[node name="TextBlock" type="Node2D"]
script = ExtResource( 3 )

[node name="TextBox" type="Control" parent="."]
visible = false
margin_left = 99.0
margin_top = 58.0
margin_right = 279.0
margin_bottom = 138.0
__meta__ = {
"_edit_group_": true,
"_edit_use_anchors_": false
}

[node name="HBoxContainer" type="HBoxContainer" parent="TextBox"]
anchor_right = 1.0
anchor_bottom = 1.0
size_flags_horizontal = 3
size_flags_vertical = 3
custom_constants/separation = 0
__meta__ = {
"_edit_use_anchors_": false
}

[node name="TextureRect" type="TextureRect" parent="TextBox/HBoxContainer"]
margin_right = 6.0
margin_bottom = 80.0
texture = ExtResource( 1 )
stretch_mode = 2

[node name="TextureRect3" type="TextureRect" parent="TextBox/HBoxContainer"]
margin_left = 6.0
margin_right = 174.0
margin_bottom = 80.0
size_flags_horizontal = 3
texture = ExtResource( 2 )
stretch_mode = 2

[node name="Label" type="Label" parent="TextBox/HBoxContainer/TextureRect3"]
anchor_right = 1.0
anchor_bottom = 1.0
margin_left = 5.0
margin_top = 4.0
margin_right = -5.0
margin_bottom = -5.0
custom_fonts/font = SubResource( 2 )
custom_colors/font_color = Color( 0.964706, 0.619608, 0.619608, 1 )
custom_constants/shadow_offset_x = 2
custom_constants/shadow_offset_y = 2
autowrap = true
__meta__ = {
"_edit_use_anchors_": false
}

[node name="TextureRect2" type="TextureRect" parent="TextBox/HBoxContainer"]
margin_left = 174.0
margin_right = 180.0
margin_bottom = 80.0
texture = ExtResource( 1 )
stretch_mode = 2

[node name="ContactArea" type="Area2D" parent="."]

[node name="CollisionShape2D" type="CollisionShape2D" parent="ContactArea"]
[connection signal="body_entered" from="ContactArea" to="." method="_on_ContactArea_body_entered"]
[connection signal="body_exited" from="ContactArea" to="." method="_on_ContactArea_body_exited"]
