[gd_scene load_steps=11 format=2]

[ext_resource path="res://Overlap/Hitbox.tscn" type="PackedScene" id=1]
[ext_resource path="res://Ressources/Traps/Flamethrower/flamethrower_1_4.png" type="Texture" id=2]
[ext_resource path="res://Ressources/Traps/Flamethrower/flamethrower_1_2.png" type="Texture" id=3]
[ext_resource path="res://Ressources/Traps/Flamethrower/flamethrower_1_1.png" type="Texture" id=4]
[ext_resource path="res://Ressources/Traps/Flamethrower/flamethrower_1_3.png" type="Texture" id=5]
[ext_resource path="res://Ressources/Traps/Flamethrower_TOP.gd" type="Script" id=6]
[ext_resource path="res://Sounds/Traps/flamethower-trap.wav" type="AudioStream" id=7]

[sub_resource type="SpriteFrames" id=1]
animations = [ {
"frames": [ ExtResource( 2 ), ExtResource( 4 ), ExtResource( 3 ), ExtResource( 5 ) ],
"loop": true,
"name": "fire",
"speed": 7.0
} ]

[sub_resource type="RectangleShape2D" id=2]
extents = Vector2( 19.3389, 22.7526 )

[sub_resource type="RectangleShape2D" id=3]
extents = Vector2( 9.48042, 10.6536 )

[node name="Flamethrower_TOP" type="Area2D" groups=[
"trap_air",
"trap_floor",
]]
collision_layer = 0
collision_mask = 18
script = ExtResource( 6 )
hit_points = 2

[node name="Holes" type="Sprite" parent="."]
texture = ExtResource( 2 )

[node name="Stream" type="AnimatedSprite" parent="."]
frames = SubResource( 1 )
animation = "fire"

[node name="CollisionShape2D" type="CollisionShape2D" parent="."]
position = Vector2( 0, 8.73815 )
shape = SubResource( 2 )

[node name="Hitbox" parent="." instance=ExtResource( 1 )]
collision_mask = 44

[node name="CollisionShape2D" parent="Hitbox" index="0"]
position = Vector2( -7.56979e-06, 11.4268 )
shape = SubResource( 3 )

[node name="AudioStreamPlayer2D" type="AudioStreamPlayer" parent="."]
stream = ExtResource( 7 )
[connection signal="body_entered" from="." to="." method="_on_Flamethrower_TOP_body_entered"]
[connection signal="animation_finished" from="Stream" to="." method="_on_Stream_animation_finished"]
[connection signal="area_entered" from="Hitbox" to="." method="_on_Hitbox_area_entered"]

[editable path="Hitbox"]
